
@misc{googletrans,
author = {{SuHan Han}},
year = {2018},
title = {googletrans 2.4.0},
note = "\url{https://pypi.org/project/googletrans/}",
}

@misc{wordcloud,
author= {{DUONG Vu}},
year = {2019},
title = { Generating Wordclouds in Python},
note = "\url{https://www.datacamp.com/community/tutorials/wordcloud-python}",
} 


@misc{NLP1,
author = {{Javed Shaikh}},
year = {2017},
title = {Machine Learning, NLP: Text Classification using scikit-learn ,python and NLTK},
note= "\url{https://towardsdatascience.com/machine-learning-nlp-text-classification-using-scikit-learn-python-and-nltk-c52b92a7c73a}",
}

@misc{googletranserror,
author = {{}},
year = {},
title = {GoogleTrans API Error - Expecting value: line 1 column 1 (char 0)},
note = "\url{https://stackoverflow.com/questions/49497391/googletrans-api-error-expecting-value-line-1-column-1-char-0}",
}

@misc{polyglot,
author = {{abo Samoor}},
year= {2019},
title = {Multilingual text (NLP) processing toolkit},
note = "\url{https://github.com/aboSamoor/polyglot}",
}

@misc{preprocessing,
author = {{Mor Kapronczay}},
year = {2019},
title = {Text preprocessing in different languages for Natural Language Processing in Python},
note = "\url{https://medium.com/starschema-blog/text-preprocessing-in-different-languages-for-natural-language-processing-in-python-fb106f70b554}",
}

@misc{ preprocessing2,
author = {{Olga Davydova}},
year = {2018},
title = {Text Preprocessing in Python: Steps, Tools, and Examples},
note = "\url{https://www.kdnuggets.com/2018/11/text-preprocessing-python.html}",
}


@misc{preprocessing3,
author = {{jacob peralta}},
year = {},
title = {Text Preprocessing in Python | Set â€“ 1},
note = "\url{https://www.geeksforgeeks.org/text-preprocessing-in-python-set-1/}",
}

@misc{mlwhiz,
author = {{MLWhiz}},
year = {2019},
title = {NLP  Learning Series: Part 1 - Text Preprocessing Methods for Deep Learning},
note = "\url{https://mlwhiz.com/blog/2019/01/17/deeplearning_nlp_preprocess/}",
}

@misc{eda-nlp-ml,
author = {{William Jaubert}},
year = {2018},
title = {EDA - NLP - ML},
note = "\url{https://www.kaggle.com/wil2210/eda-nlp-ml}",
}


@misc{eda,
author = {{Susan LI}},
year = {2019},
title = {A Complete Exploratory Data Analysis and Visualization for Text Data},
note = "\url{https://towardsdatascience.com/a-complete-exploratory-data-analysis-and-visualization-for-text-data-29fb1b96fb6a}",
}

@misc{ITSTC,
author = {{Pankaj Kishore}},
year = {2019},
title = {IT Support Ticket Classification and Deployment using Machine Learning and AWS Lambda},
note = "\url{https://towardsdatascience.com/it-support-ticket-classification-and-deployment-using-machine-learning-and-aws-lambda-8ef8b82643b6}",
}

@misc{TAUNLTK,
author = {{Rohit Ayinaparthy}},
year = {2018},
title = {Text Analytics Using NLP(NLTK) - IT Incidents},
note = "\url{https://www.kaggle.com/rohitayinaparthy/text-analytics-using-nlp-nltk-it-incidents}",
}

@misc{supporttc,
author = {{Karol Zak}},
year = {},
title = {support-tickets-classification},
note = "\url{https://github.com/karolzak/support-tickets-classification}",
}

@misc{Cluster,
author = {{brandonmrose}},
title = {Document Clustering with Python},
note = "\url{http://brandonrose.org/clustering}",
}

@misc{topicmodelling,
author = {{Shashank Kapadia}},
year = {2019},
title = {Topic Modeling in Python: Latent Dirichlet Allocation (LDA)},
note = "\url{https://towardsdatascience.com/end-to-end-topic-modeling-in-python-latent-dirichlet-allocation-lda-35ce4ed6b3e0}",
}

@misc{topicmodelling2,
author = {{Shivam Bansal}},
year = {2016},
title = {Beginners Guide to Topic Modeling in Python},
note = "\url{https://www.analyticsvidhya.com/blog/2016/08/beginners-guide-to-topic-modeling-in-python/}",
}

@misc{gensim,   
author = {{Selva Prabhakaran}},
title = {Topic Modeling with Gensim (Python)},
note = "\url{https://www.machinelearningplus.com/nlp/topic-modeling-gensim-python/}",
}

@misc{kmeans,
author = {{}},
title = {kmeans text clustering},
note = "\url{https://pythonprogramminglanguage.com/kmeans-text-clustering/}",
}
 
@misc{kmeans2,
author = {{Mikhail Salnikov}},
year = {2018},
title = {Text clustering with K-means and tf-idf},
note = "\url{https://medium.com/@MSalnikov/text-clustering-with-k-means-and-tf-idf-f099bcf95183}",
}

@misc{SRK,
author = {{SRK}},
year = {2017},
title = {Simple Feature Engg Notebook - Spooky Author},
note = "\url{https://www.kaggle.com/sudalairajkumar/simple-feature-engg-notebook-spooky-author}",
}


